@book{gentry2009fully,
  title={A fully homomorphic encryption scheme},
  author={Gentry, Craig},
  year={2009},
  publisher={Stanford University}
}
@book{katz2014introduction,
  title={Introduction to Modern Cryptography, Second Edition},
  author={Katz, J. and Lindell, Y.},
  isbn={9781466570269},
  lccn={2014039042},
  series={Chapman \& Hall/CRC Cryptography and Network Security Series},
  url={https://books.google.co.uk/books?id=OWZYBQAAQBAJ},
  year={2014},
  publisher={Taylor \& Francis}
}
@book{hoffstein2014introduction,
  title={An Introduction to Mathematical Cryptography},
  author={Hoffstein, J. and Pipher, J. and Silverman, J.H.},
  isbn={9781493917112},
  series={Undergraduate Texts in Mathematics},
  url={https://books.google.co.uk/books?id=cbl\_BAAAQBAJ},
  year={2014},
  publisher={Springer New York}
}
@article{shannon1949communication,
  title={Communication theory of secrecy systems},
  author={Shannon, Claude E},
  journal={Bell Labs Technical Journal},
  volume={28},
  number={4},
  pages={656--715},
  year={1949},
  publisher={Wiley Online Library}
}
@article{diffie1976new,
  title={New directions in cryptography},
  author={Diffie, Whitfield and Hellman, Martin},
  journal={IEEE transactions on Information Theory},
  volume={22},
  number={6},
  pages={644--654},
  year={1976},
  publisher={IEEE}
}
@article{rivest1978method,
  title={A method for obtaining digital signatures and public-key cryptosystems},
  author={Rivest, Ronald L and Shamir, Adi and Adleman, Leonard},
  journal={Communications of the ACM},
  volume=21,
  number=2,
  pages={120--126},
  year=1978,
  publisher={ACM}
}
@inproceedings{paillier1999public,
  title={Public-key cryptosystems based on composite degree residuosity classes},
  author={Paillier, Pascal},
  booktitle={International Conference on the Theory and Applications of Cryptographic Techniques},
  pages={223--238},
  year={1999},
  organization={Springer}
}
@online{SageMath,
  author = {SageMath Community},
  title = {SageMath},
  url = {http://www.sagemath.org/index.html},
  urldate = {2018-02-01}
}